
@unternehmen{unternehmen:Golden_Motor,
  author = {{Golden Motor}},
  url    = {https://de.wikipedia.org/wiki/Hyperloop}
}

@manual{Golden_Motor:bldc_motor,
  type   = {PDF},
  author = {Golden Motor},
  title  = {Motor Wiring},
  year   = {2024},
  note   = {[Online; Zugriff 05-September-2024]}
}

@manual{Golden_Motor:Vector_Controller,
  type   = {PDF},
  author = {Golden Motor},
  title  = {Vector Controller (FOC) for BLDC Motors},
  year   = {2024},
  note   = {[Online; Zugriff 06-September-2024]}
}

@misc{mathworks:bldc_motor,
  author = {mathworks},
  title  = {Introduction to Brushless DC Motor Control},
  year   = {2024},
  url    = {https://de.mathworks.com/campaigns/offers/next/introduction-to-brushless-dc-motor-control.html},
  note   = {Abschnitt: Types of DC Motors; abgerufen am 11-08-2024}
}



@manual{speedgoat:IO397_50k,
  type   = {PDF},
  author = {Speedgoat},
  title  = {IO397 – FPGA I/O Module –
            Hardware Reference Manual},
  year   = {2024}
}



@manual{speedgoat:IO691,
  type   = {PDF},
  author = {Speedgoat},
  title  = {IO691 – FPGA I/O Module –
            Hardware Reference Manual},
  year   = {2024}
}


@online{speedgoat:IO691:CAN_Message,
  url    = {https://www.speedgoat.com/help/slrt/page/io_main/refentry_can_ofa_usage_notes},
  title  = {CAN Message Types},
  author = {Speed goat},
  note   = {[Online; Zugriff 13-Oktober-2024]},
  year   = {2024}
}


@manual{microchip:CANModule,
  type   = {PDF},
  author = {Microchip Technology Inc},
  title  = {Understanding Microchip's CAN Module Bit Timing},
  year   = {2001},
  author = {Pat Richards}
}

@misc{web:iht-emden,
  author = {Hoschule Emden/Leer},
  title  = {Institute of Hyperloop Technology},
  url    = {https://iht-emden.de/},
  note   = {[Online; Zugriff 15-August-2024]}
}

@misc{DIN_EN_IEC_81346-2,
  type   = {Norm},
  key    = {DIN EN IEC 81346-2},
  number = {DIN EN 00338},
  month  = Okt,
  year   = {2020},
  title  = {DIN EN IEC 81346-2 Industrielle Systeme, Anlagen und Ausrüstungen und
            Industrieprodukte –
            Strukturierungsprinzipien und Referenzkennzeichnung –
            Teil 2}
}


@misc{DIN_44300,
  type   = {Norm},
  key    = {DIN 44300},
  number = {DIN 44300},
  month  = Okt,
  year   = {2020},
  title  = {DIN EN IEC 81346-2 Industrielle Systeme, Anlagen und Ausrüstungen und Industrieprodukte – Strukturierungsprinzipien und Referenzkennzeichnung –Teil 2}
}


